<?xml version="1.0" encoding="UTF-8"?><collection xmlns="http://www.loc.gov/MARC21/slim"><record><leader>00492nam--2200157-i-4500</leader><controlfield tag="001">000007368</controlfield><controlfield tag="002">20161230</controlfield><controlfield tag="005">20170114221916</controlfield><controlfield tag="008">060222s1000------------r-----000-0-eng-d</controlfield><datafield ind1=" " ind2=" " tag="080"><subfield code="a">517.9</subfield></datafield><datafield ind1=" " ind2=" " tag="100"><subfield code="a">Bisanti, A. F</subfield></datafield><datafield ind1=" " ind2=" " tag="245"><subfield code="a">Calcul imaginaire, equations differentielles et aux derivees partielles. Application aux circuits electriques fondamentaux, aux lignes et antennes</subfield></datafield><datafield ind1=" " ind2=" " tag="260"><subfield code="a">Paris</subfield><subfield code="b">Dunod</subfield><subfield code="c">1965</subfield></datafield><datafield ind1=" " ind2=" " tag="300"><subfield code="a">X + 318 p</subfield></datafield><datafield ind1=" " ind2=" " tag="852"><subfield code="a">22360</subfield><subfield code="c">517.9</subfield></datafield><datafield ind1=" " ind2=" " tag="CAT"><subfield code="a">SYS</subfield><subfield code="c">20170114</subfield><subfield code="h">221916</subfield></datafield></record></collection>